@inproceedings{lao2011random,
 title={Random walk inference and learning in a large scale knowledge base},
  author={Lao, N. and Mitchell, T. and Cohen, W.W.},
   booktitle={Proceedings of the Conference on Empirical Methods in Natural Language Processing (EMNLP)},
    pages={529--539},
     year={2011}
}
@article{low2010graphlab,
    title={Graphlab: A new framework for parallel machine learning},
      author={Low, Y. and Gonzalez, J. and Kyrola, A. and Bickson, D. and Guestrin, C. and Hellerstein, J.M.},
        journal={arXiv preprint arXiv:1006.4990},
          year={2010}
}
@inproceedings{carlson2010toward,
   title={Toward an architecture for never-ending language learning},
    author={Carlson, A. and Betteridge, J. and Kisiel, B. and Settles, B. and Hruschka Jr, E.R. and Mitchell, T.M.},
     booktitle={Proceedings of the Twenty-Fourth Conference on Artificial Intelligence (AAAI 2010)},
      volume={2},
       number={4},
        pages={3--3},
         year={2010}
}
