@techreport{goel2006data,
    title={Data replication strategies in wide area distributed systems},
      author={Goel, S. and Buyya, R.},
        year={2006},
          institution={ISBN 1-599044181-2, Idea Group Inc., Hershey, PA, USA}
}
@inproceedings{chun2006replica,
    title={Efficient replica maintenance for distributed storage systems},
      author={Chun, B.G. and Dabek, F. and Haeberlen, A. and Sit, E. and Weatherspoon, H. and Kaashoek, M.F. and Kubiatowicz, J. and Morris, R.},
        booktitle={Proc. of NSDI},
          volume={6},
            pages={225--264},
              year={2006}
}
@book{pu1991replica,
    title={Replica control in distributed systems: as asynchronous approach},
      author={Pu, C. and Leff, A.},
        volume={20},
          number={2},
            year={1991},
              publisher={ACM}
}
@inproceedings{ford2010availability,
    title={Availability in globally distributed storage systems},
      author={Ford, D. and Labelle, F. and Popovici, F.I. and Stokely, M. and Truong, V.A. and Barroso, L. and Grimes, C. and Quinlan, S.},
        booktitle={Proceedings of the 9th USENIX Symposium on Operating Systems Design and Implementation},
          year={2010}
}

